
@MISC{Johansson03compactsoft, author = {GÃ¤oran Johansson}, title = {Compact Soft X-Ray Microscopy}, year = {2003}}

@MISC{Friedt_spatialresolution, author = {J. -m Friedt and Z. Sadani and B. Serio and M. Wilm and S. Ball}, title = {spatial resolution}, year = {}}

@MISC{Newsroom_testingeuv, author = {Spie Newsroom}, title = {Testing EUV}, year = {}}
